@misc{almeida2023wordembeddingssurvey,
  title        = {Word Embeddings: A Survey},
  author       = {Felipe Almeida and Geraldo Xex{\'e}o},
  year         = {2023},
  eprint       = {1901.09069},
  archivePrefix= {arXiv},
  primaryClass = {cs.CL},
  url          = {https://arxiv.org/abs/1901.09069},
}

@inproceedings{Chen_2016,
  title        = {XGBoost: A Scalable Tree Boosting System},
  author       = {Chen, Tianqi and Guestrin, Carlos},
  booktitle    = {Proceedings of the 22nd ACM SIGKDD International Conference on Knowledge Discovery and Data Mining},
  series       = {KDD â€™16},
  year         = {2016},
  month        = {aug},
  pages        = {785--794},
  publisher    = {ACM},
  url          = {http://dx.doi.org/10.1145/2939672.2939785},
  DOI          = {10.1145/2939672.2939785},
}

@misc{devlin2019bertpretrainingdeepbidirectional,
  title        = {BERT: Pre-training of Deep Bidirectional Transformers for Language Understanding},
  author       = {Jacob Devlin and Ming-Wei Chang and Kenton Lee and Kristina Toutanova},
  year         = {2019},
  eprint       = {1810.04805},
  archivePrefix= {arXiv},
  primaryClass = {cs.CL},
  url          = {https://arxiv.org/abs/1810.04805},
}

@article{du2020ppocr,
  title   = {PP-OCR: A Practical Ultra Lightweight OCR System},
  author  = {Du, Yuning and Xu, Canjie and Cui, Lianshu and Wang, Yanyun and Zhang, Zihan and others},
  journal = {arXiv preprint arXiv:2009.09941},
  year    = {2020},
}

@misc{gupte2021lightscameraactionframework,
  title        = {Lights, Camera, Action! A Framework to Improve NLP Accuracy over OCR documents},
  author       = {Amit Gupte and Alexey Romanov and Sahitya Mantravadi and Dalitso Banda and Jianjie Liu and Raza Khan and Lakshmanan Ramu Meenal and Benjamin Han and Soundar Srinivasan},
  year         = {2021},
  eprint       = {2108.02899},
  archivePrefix= {arXiv},
  primaryClass = {cs.CL},
  url          = {https://arxiv.org/abs/2108.02899},
}

@article{ocrsystems,
  author  = {Islam, Noman and Islam, Zeeshan and Noor, Nazia},
  title   = {A Survey on Optical Character Recognition System},
  journal = {ITB Journal of Information and Communication Technology},
  year    = {2016},
  month   = {12},
  pages   = {},
  doi     = {10.48550/arXiv.1710.05703},
}

@Book{jurafsky2023slp3,
  author  = {Daniel Jurafsky and James H. Martin},
  title   = {Speech and Language Processing: An Introduction to Natural Language Processing, Computational Linguistics, and Speech Recognition with Language Models},
  year    = {2025},
  edition = {3rd},
  url     = {https://web.stanford.edu/~jurafsky/slp3/},
  note    = {Online manuscript released January 12, 2025},
}

@misc{kleczek2020polbert,
  author       = {Dariusz K{\l}eczek},
  title        = {PolBERT: Polish BERT Language Model (Cased)},
  year         = {2020},
  publisher    = {Hugging Face},
  howpublished = {\url{https://huggingface.co/dkleczek/bert-base-polish-cased-v1}},
  note         = {Accessed: 2025-06-03},
}

@misc{liao2019rttextdet,
  title        = {Real-time Scene Text Detection with Differentiable Binarization},
  author       = {Minghui Liao and Zhaoyi Wan and Cong Yao and Kai Chen and Xiang Bai},
  year         = {2019},
  eprint       = {1911.08947},
  archivePrefix= {arXiv},
  primaryClass = {cs.CV},
  url          = {https://arxiv.org/abs/1911.08947},
}

@article{li2020layoutlm,
  author       = {Nishant Subramani and Alexandre Matton and Malcolm Greaves and Adrian Lam},
  title        = {A Survey of Deep Learning Approaches for {OCR} and Document Understanding},
  journal      = {CoRR},
  volume       = {abs/2011.13534},
  year         = {2020},
  url          = {https://arxiv.org/abs/2011.13534},
  eprinttype   = {arXiv},
  eprint       = {2011.13534},
}

@misc{mikolov2013distributed,
  title        = {Efficient Estimation of Word Representations in Vector Space},
  author       = {Tomas Mikolov and Kai Chen and Greg Corrado and Jeffrey Dean},
  year         = {2013},
  eprint       = {1301.3781},
  archivePrefix= {arXiv},
  primaryClass = {cs.CL},
  url          = {https://arxiv.org/abs/1301.3781},
}

@misc{natekin2013gradient,
  title     = {Gradient Boosting Machines, A Tutorial},
  author    = {Alexey Natekin and Alois Knoll},
  journal   = {Frontiers in Neurorobotics},
  volume    = {7},
  pages     = {21},
  year      = {2013},
  publisher = {Frontiers Media SA},
  doi       = {10.3389/fnbot.2013.00021},
}

@inproceedings{reimers2019sbert,
  title     = {Sentence-BERT: Sentence Embeddings using Siamese BERT-Networks},
  author    = {Reimers, Nils and Gurevych, Iryna},
  booktitle = {Proceedings of the 2019 Conference on Empirical Methods in Natural Language Processing},
  month     = {11},
  year      = {2019},
  publisher = {Association for Computational Linguistics},
  url       = {https://arxiv.org/abs/1908.10084},
}

@misc{reimers2021allminilm,
  author       = {Nils Reimers and Iryna Gurevych},
  title        = {sentence-transformers/all-MiniLM-L6-v2},
  year         = {2021},
  publisher    = {Hugging Face},
  howpublished = {\url{https://huggingface.co/sentence-transformers/all-MiniLM-L6-v2}},
  note         = {Accessed: 2025-05-29},
}

@misc{shi2015e2etnn,
  title        = {An End-to-End Trainable Neural Network for Image-based Sequence Recognition and Its Application to Scene Text Recognition},
  author       = {Baoguang Shi and Xiang Bai and Cong Yao},
  year         = {2015},
  eprint       = {1507.05717},
  archivePrefix= {arXiv},
  primaryClass = {cs.CV},
  url          = {https://arxiv.org/abs/1507.05717},
}

@article{shi2016endtoend,
  title   = {An end-to-end trainable neural network for image-based sequence recognition and its application to scene text recognition},
  author  = {Shi, Baoguang and Bai, Xiang and Yao, Cong},
  journal = {arXiv preprint arXiv:1511.04176},
  year    = {2016},
  doi     = {10.48550/arXiv.1511.04176},
}

@inproceedings{smith2007overview,
  title        = {An overview of the Tesseract OCR engine},
  author       = {Smith, Ray},
  booktitle    = {Ninth International Conference on Document Analysis and Recognition (ICDAR)},
  pages        = {629--633},
  year         = {2007},
  organization = {IEEE},
}

@inproceedings{smith2013history,
  title        = {History and future of the Tesseract OCR engine},
  author       = {Smith, Ray},
  booktitle    = {Document Recognition and Retrieval XX},
  volume       = {8658},
  pages        = {865802},
  year         = {2013},
  organization = {SPIE},
}

@misc{subramani2021surveydeeplearningapproaches,
  title        = {A Survey of Deep Learning Approaches for OCR and Document Understanding},
  author       = {Nishant Subramani and Alexandre Matton and Malcolm Greaves and Adrian Lam},
  year         = {2021},
  eprint       = {2011.13534},
  archivePrefix= {arXiv},
  primaryClass = {cs.CL},
  url          = {https://arxiv.org/abs/2011.13534},
}

@misc{wang2020minilmdeepselfattentiondistillation,
  title        = {MiniLM: Deep Self-Attention Distillation for Task-Agnostic Compression of Pre-Trained Transformers},
  author       = {Wenhui Wang and Furu Wei and Li Dong and Hangbo Bao and Nan Yang and Ming Zhou},
  year         = {2020},
  eprint       = {2002.10957},
  archivePrefix= {arXiv},
  primaryClass = {cs.CL},
  url          = {https://arxiv.org/abs/2002.10957},
}

@misc{wangminilm,
  title        = {MiniLM: Deep Self-Attention Distillation for Task-Agnostic Compression of Pre-Trained Transformers},
  author       = {Wenhui Wang and Furu Wei and Li Dong and Hangbo Bao and Nan Yang and Ming Zhou},
  year         = {2020},
  eprint       = {2002.10957},
  archivePrefix= {arXiv},
  primaryClass = {cs.CL},
  url          = {https://arxiv.org/abs/2002.10957},
}
